@techreport{RFC4301,
  author = {S. Kent and K. Seo},
  title = {Security Architecture for the Internet Protocol},
  howpublished = {Internet Requests for Comments},
  type = {RFC},
  number = {4301},
  year = {2005},
  month = {December},
  issn = {2070-1721},
  publisher = {RFC Editor},
  institution = {RFC Editor},
  url = {http://www.rfc-editor.org/rfc/rfc4301.txt},
}
@misc{brozyckidetecting,
  title={Detecting Anonymous Proxy Usage (2008)},
  author={Brozycki, J}
}
@article{adrianimperfect,
  title={Imperfect Forward Secrecy: How Diffie-Hellman Fails in Practice},
  author={Adrian, David and Bhargavan, Karthikeyan and Durumeric, Zakir and Gaudry, Pierrick and Green, Matthew and Halderman, J Alex and Heninger, Nadia and Springall, Drew and Thom{\'e}, Emmanuel and Valenta, Luke and others}
}
